@book{ansi:common:lisp,
  author = {},
  title = {INCITS 226-1994[S2008] Information Technology, Programming Language, Common Lisp},
  publisher = {American National Standards Institute},
  year = {1994},
}
